<record><leader>00000cas a22000007a 4500</leader><controlfield tag="001">13913069</controlfield><controlfield tag="008">860722d19231969txuwr ne      0    0eng d</controlfield><datafield ind1=" " ind2=" " tag="010"><subfield code="a">sn 86088011 </subfield></datafield><datafield ind1=" " ind2=" " tag="040"><subfield code="a">PPM</subfield><subfield code="b">eng</subfield><subfield code="c">PPM</subfield><subfield code="d">OCLCQ</subfield></datafield><datafield ind1=" " ind2=" " tag="042"><subfield code="a">msc</subfield></datafield><datafield ind1="0" ind2="0" tag="245"><subfield code="a">Lamb County leader.</subfield></datafield><datafield ind1=" " ind2=" " tag="260"><subfield code="a">Littlefield, Tex. :</subfield><subfield code="b">Jess. Mitchell,</subfield><subfield code="c">1923-</subfield></datafield><datafield ind1=" " ind2=" " tag="300"><subfield code="a">v. :</subfield><subfield code="b">ill. ;</subfield><subfield code="c">57 cm.</subfield></datafield><datafield ind1=" " ind2=" " tag="310"><subfield code="a">Weekly</subfield></datafield><datafield ind1="0" ind2=" " tag="362"><subfield code="a">Vol. 1, no. 24 (Nov. 1, 1923)-</subfield></datafield><datafield ind1="1" ind2=" " tag="362"><subfield code="a">Ceased in Feb., 1969.</subfield></datafield><datafield ind1=" " ind2=" " tag="500"><subfield code="a">Publisher: Sam L. Williams &lt;1955&gt;.</subfield></datafield><datafield ind1=" " ind2=" " tag="752"><subfield code="a">United States</subfield><subfield code="b">Texas</subfield><subfield code="c">Lamb</subfield><subfield code="d">Littlefield.</subfield></datafield><datafield ind1="0" ind2="0" tag="780"><subfield code="t">Littlefield leader</subfield><subfield code="w">(DLC)sn 86088802</subfield></datafield><datafield ind1="0" ind2="7" tag="785"><subfield code="t">County-wide news</subfield><subfield code="w">(DLC)sn 86088803</subfield></datafield><datafield ind1="0" ind2="7" tag="785"><subfield code="t">Lamb County leader-news</subfield><subfield code="w">(DLC)sn 86088810</subfield></datafield></record>